@book{DemtroderKerne,
	author = {Demtroder, Wolfgang},
	address = {Berlin, Heidelberg},
	copyright = {Springer-Verlag GmbH Deutschland 2017},
	edition = {5. Aufl. 2017 edition.},
	isbn = {9783662528839},
	issn = {0937-7433},
	language = {ger ; eng},
	publisher = {Springer Berlin Heidelberg},
	series = {Springer-Lehrbuch},
	title = {Experimentalphysik 4: Kern-, Teilchen- und Astrophysik},
	year = {2017},
}

@book{Leo,
	author = {Leo, William R},
	address = {Berlin, Heidelberg},
	copyright = {Springer-Verlag Berlin Heidelberg 1994},
	edition = {Second Revised Edition.},
	isbn = {9783540572800},
	language = {eng},
	organization = {SpringerLink (Online service)},
	publisher = {Springer Berlin / Heidelberg},
	title = {Techniques for Nuclear and Particle Physics Experiments: A How-To Approach},
	year = {1994},
}



@phdthesis{ottnad,
	urn={ https://nbn-resolving.org/urn:nbn:de:hbz:5-59176},
	author = {{Jonathan Ottnad}},
	title = {Optimierung der GEM-basierten Verstärkungsstufe einer TPC für das CB/TAPS-Experiment},
	school = {Rheinische Friedrich-Wilhelms-Universität Bonn},
	year = 2020,
	month = aug,
	url = {https://hdl.handle.net/20.500.11811/8516},
}



@incollection{Townsend,
	author = {Xiao, Dengming},
	address = {Germany},
	booktitle = {Gas Discharge and Gas Insulation},
	copyright = {Shanghai Jiao Tong University Press, Shanghai and Springer-Verlag Berlin Heidelberg 2016},
	isbn = {9783662480403},
	issn = {2197-0238},
	keywords = {Applied physics & special topics ; Electron avalanche ; Paschenâ€™s law ; Plasma physics ; Power networks, systems, stations & plants ; Self-sustaining discharge ; Townsend discharge},
	language = {eng},
	pages = {47-88},
	publisher = {Springer Berlin / Heidelberg},
	series = {Energy and Environment Research in China},
	title = {Fundamental Theory of Townsend Discharge},
	volume = {6},
	year = {2015},
}



@techreport{Sauli_Multiwire,
	author        = {Sauli, Fabio},
	title         = {Principles of operation of multiwire proportional and
	drift chambers},
	reportNumber  = {CERN-77-09},
	address       = {Geneva},
	year          = {1977},
	url           = {http://cds.cern.ch/record/117989},
	note          = {CERN, Geneva, 1975 - 1976},
	doi           = {10.5170/CERN-1977-009},
}

@book{Schwabl,
	author = {Schwabl, Franz},
	edition = {Second Edition.},
	isbn = {3540203605},
	language = {eng},
	publisher = {Springer},
	series = {Springer-Lehrbuch},
	title = {Statistische Mechanik},
	year = {2013},
}


@book{Tavernier,
	author = {Tavernier, Stefaan},
	address = {Heidelberg [u.a},
	isbn = {9783642008283},
	keywords = {Kernphysik / Elementarteilchenphysik / Detektor / Messtechnik},
	language = {eng},
	publisher = {Springer},
	title = {Experimental techniques in nuclear and particle physics},
	year = {2010},
}


@article{Sauli_Übersicht,
	title = {The gas electron multiplier (GEM): Operating principles and applications},
	journal = {Nuclear Instruments and Methods in Physics Research Section A: Accelerators, Spectrometers, Detectors and Associated Equipment},
	volume = {805},
	pages = {2-24},
	year = {2016},
	note = {Special Issue in memory of Glenn F. Knoll},
	issn = {0168-9002},
	doi = {https://doi.org/10.1016/j.nima.2015.07.060},
	url = {https://www.sciencedirect.com/science/article/pii/S0168900215008980},
	author = {Fabio Sauli},
	keywords = {Gas Electron Multiplier, GEM, Gaseous radiation detectors},
}




@article{Bachmann,
	title = {Charge amplification and transfer processes in the gas electron multiplier},
	journal = {Nuclear Instruments and Methods in Physics Research Section A: Accelerators, Spectrometers, Detectors and Associated Equipment},
	volume = {438},
	number = {2},
	pages = {376-408},
	year = {1999},
	issn = {0168-9002},
	doi = {https://doi.org/10.1016/S0168-9002(99)00820-7},
	url = {https://www.sciencedirect.com/science/article/pii/S0168900299008207},
	author = {S. Bachmann et al.},
}


@article{BUTTNER,
	title = {Progress with the gas electron multiplier},
	journal = {Nuclear Instruments and Methods in Physics Research Section A: Accelerators, Spectrometers, Detectors and Associated Equipment},
	volume = {409},
	number = {1},
	pages = {79-83},
	year = {1998},
	issn = {0168-9002},
	doi = {https://doi.org/10.1016/S0168-9002(97)01240-0},
	url = {https://www.sciencedirect.com/science/article/pii/S0168900297012400},
	author = {C. Büttner et al.},
	keywords = {Gas, Electron, Multiplier, GEM, Detector, Amplification},
}



@article{GEM_Introduction,
	title = {GEM: A new concept for electron amplification in gas detectors},
	journal = {Nuclear Instruments and Methods in Physics Research Section A: Accelerators, Spectrometers, Detectors and Associated Equipment},
	volume = {386},
	number = {2},
	pages = {531-534},
	year = {1997},
	issn = {0168-9002},
	doi = {https://doi.org/10.1016/S0168-9002(96)01172-2},
	url = {https://www.sciencedirect.com/science/article/pii/S0168900296011722},
	author = {F. Sauli},
}



@article{Stabilitaet_Discharge,
	title = {Discharge studies and prevention in the gas electron multiplier (GEM)},
	journal = {Nuclear Instruments and Methods in Physics Research Section A: Accelerators, Spectrometers, Detectors and Associated Equipment},
	volume = {479},
	number = {2},
	pages = {294-308},
	year = {2002},
	issn = {0168-9002},
	doi = {https://doi.org/10.1016/S0168-9002(01)00931-7},
	url = {https://www.sciencedirect.com/science/article/pii/S0168900201009317},
	author = {S. Bachmann and A. Bressan and M. CapeÃ¡ns and M. Deutel and S. Kappler and B. Ketzer and A. Polouektov and L. Ropelewski and F. Sauli and E. Schulte and L. Shekhtman and A. Sokolov},
	keywords = {Gas electron multiplier, GEM, Gas discharges, Streamer, High rate radiation detector},
}


@article{GAS_MIX,
	title = {The GEM photomultiplier operated with noble gas mixtures},
	journal = {Nuclear Instruments and Methods in Physics Research Section A: Accelerators, Spectrometers, Detectors and Associated Equipment},
	volume = {443},
	number = {1},
	pages = {164-180},
	year = {2000},
	issn = {0168-9002},
	doi = {https://doi.org/10.1016/S0168-9002(99)01011-6},
	url = {https://www.sciencedirect.com/science/article/pii/S0168900299010116},
	author = {A. Buzulutskov and A. Breskin and R. Chechik and G. Garty and F. Sauli and L. Shekhtman},
}



@article{Gas_Energien,
	author = {Jesse, William P. and Sadauskis, John},
	issn = {0031-899X},
	journal = {Physical review},
	language = {eng},
	number = {6},
	pages = {1120-1121},
	title = {Alpha-Particle Ionization in Pure Gases and the Average Energy to Make an Ion Pair},
	volume = {90},
	year = {1953},
}



@article{Half_Life_FE55,
title = {The 55Fe half-life measured with a pressurised proportional counter},
journal = {Applied Radiation and Isotopes},
volume = {148},
pages = {27-34},
year = {2019},
issn = {0969-8043},
doi = {https://doi.org/10.1016/j.apradiso.2019.01.008},
url = {https://www.sciencedirect.com/science/article/pii/S0969804318310121},
author = {S. Pommé and H. Stroh and R. {Van Ammel}},
keywords = {Half-life, Decay constant, Calibration, Discrepancy, Clearance, Decommissioning},
}

